{
  "leader": "03723cam a2200517 a 4500",
  "fields": [
    {
      "001": "ocm20295128\\"
    },
    {
      "003": "OCoLC"
    },
    {
      "005": "20220708134739.0"
    },
    {
      "008": "890727s1989\\\\\\\\nyua\\\\\\\\\\\\\\\\\\\\001\\0\\eng\\\\"
    },
    {
      "010": {
        "ind1": "\\",
        "ind2": "\\",
        "subfields": [
          {
            "a": "   89038377 "
          }
        ]
      }
    },
    {
      "040": {
        "ind1": "\\",
        "ind2": "\\",
        "subfields": [
          {
            "a": "DLC"
          },
          {
            "b": "eng"
          },
          {
            "c": "DLC"
          },
          {
            "d": "AGL"
          },
          {
            "d": "BAKER"
          },
          {
            "d": "BTCTA"
          },
          {
            "d": "YDXCP"
          },
          {
            "d": "ZR1"
          },
          {
            "d": "OCLCF"
          },
          {
            "d": "OCLCO"
          },
          {
            "d": "OCLCQ"
          },
          {
            "d": "OCLCO"
          },
          {
            "d": "EUQ"
          },
          {
            "d": "OCLCQ"
          },
          {
            "d": "EXG"
          },
          {
            "d": "OCLCO"
          }
        ]
      }
    },
    {
      "019": {
        "ind1": "\\",
        "ind2": "\\",
        "subfields": [
          {
            "a": "980076064"
          },
          {
            "a": "1065420492"
          },
          {
            "a": "1078790764"
          },
          {
            "a": "1078802759"
          }
        ]
      }
    },
    {
      "020": {
        "ind1": "\\",
        "ind2": "\\",
        "subfields": [
          {
            "a": "0879543302"
          }
        ]
      }
    },
    {
      "020": {
        "ind1": "\\",
        "ind2": "\\",
        "subfields": [
          {
            "a": "9780879543303"
          }
        ]
      }
    },
    {
      "020": {
        "ind1": "\\",
        "ind2": "\\",
        "subfields": [
          {
            "a": "0879543329"
          },
          {
            "q": "(pbk.)"
          }
        ]
      }
    },
    {
      "020": {
        "ind1": "\\",
        "ind2": "\\",
        "subfields": [
          {
            "a": "9780879543327"
          },
          {
            "q": "(pbk.)"
          }
        ]
      }
    },
    {
      "035": {
        "ind1": "\\",
        "ind2": "\\",
        "subfields": [
          {
            "a": "(OCoLC)20295128"
          },
          {
            "z": "(OCoLC)980076064"
          },
          {
            "z": "(OCoLC)1065420492"
          },
          {
            "z": "(OCoLC)1078790764"
          },
          {
            "z": "(OCoLC)1078802759"
          }
        ]
      }
    },
    {
      "043": {
        "ind1": "\\",
        "ind2": "\\",
        "subfields": [
          {
            "a": "n-us---"
          }
        ]
      }
    },
    {
      "050": {
        "ind1": "0",
        "ind2": "0",
        "subfields": [
          {
            "a": "HV97.A3"
          },
          {
            "b": "A58 1989"
          }
        ]
      }
    },
    {
      "070": {
        "ind1": "0",
        "ind2": "\\",
        "subfields": [
          {
            "a": "HV97.A3A58"
          }
        ]
      }
    },
    {
      "072": {
        "ind1": "\\",
        "ind2": "0",
        "subfields": [
          {
            "a": "X800"
          }
        ]
      }
    },
    {
      "082": {
        "ind1": "0",
        "ind2": "0",
        "subfields": [
          {
            "a": "361.80973"
          },
          {
            "b": "AGI"
          }
        ]
      }
    },
    {
      "245": {
        "ind1": "0",
        "ind2": "3",
        "subfields": [
          {
            "a": "An agile servant :"
          },
          {
            "b": "community leadership by community foundations /"
          },
          {
            "c": "edited by Richard Magat ; produced by the National Agenda for Community Foundations' Community Leadership Project of the Council on Foundations."
          }
        ]
      }
    },
    {
      "260": {
        "ind1": "\\",
        "ind2": "\\",
        "subfields": [
          {
            "a": "New York :"
          },
          {
            "b": "Foundation Center,"
          },
          {
            "c": "\u00a91989."
          }
        ]
      }
    },
    {
      "300": {
        "ind1": "\\",
        "ind2": "\\",
        "subfields": [
          {
            "a": "x, 361 pages :"
          },
          {
            "b": "illustrations ;"
          },
          {
            "c": "24 cm"
          }
        ]
      }
    },
    {
      "336": {
        "ind1": "\\",
        "ind2": "\\",
        "subfields": [
          {
            "a": "text"
          },
          {
            "b": "txt"
          },
          {
            "2": "rdacontent"
          }
        ]
      }
    },
    {
      "337": {
        "ind1": "\\",
        "ind2": "\\",
        "subfields": [
          {
            "a": "unmediated"
          },
          {
            "b": "n"
          },
          {
            "2": "rdamedia"
          }
        ]
      }
    },
    {
      "338": {
        "ind1": "\\",
        "ind2": "\\",
        "subfields": [
          {
            "a": "volume"
          },
          {
            "b": "nc"
          },
          {
            "2": "rdacarrier"
          }
        ]
      }
    },
    {
      "505": {
        "ind1": "0",
        "ind2": "0",
        "subfields": [
          {
            "t": "Community foundations : the delicate question of purpose / David C. Hammack --"
          },
          {
            "t": "Community and community foundations in the next century / Paul N. Ylvisaker --"
          },
          {
            "t": "Leadership in community foundations --"
          },
          {
            "t": "Pioneers of the community foundation movement / Bruce L. Newman --"
          },
          {
            "t": "Creating community capital : birth and growth of community foundations / Jennifer Leonard --"
          },
          {
            "t": "Why donors give : thirteen views --"
          },
          {
            "t": "Grants : giving life to the public trust / Mariam C. Noland --"
          },
          {
            "t": "Collaboration : models, benefits, and tensions / Susan V. Berresford -- The"
          },
          {
            "t": "search for standards : why community foundations are different / Steven A. Minter --"
          },
          {
            "t": "Are they worthy of the name : a critic's view / Robert O. Bothwell."
          }
        ]
      }
    },
    {
      "505": {
        "ind1": "0",
        "ind2": "0",
        "subfields": [
          {
            "t": "California : the fund for the new Americans / Kathy Seal --"
          },
          {
            "t": "Dayton : the quality of schools / Mark Bernstein --"
          },
          {
            "t": "Miami : overcoming intercultural isolation / Lyn Farmer --"
          },
          {
            "t": "Greenville : early intervention for children / Mike Hembree --"
          },
          {
            "t": "El Paso : the expanding philanthropic pool / Bea Bragg --"
          },
          {
            "t": "Tacoma : fundraising from board roots / Marion Woyvodich --"
          },
          {
            "t": "Sonoma : visibility through action / Wendy Ellyn --"
          },
          {
            "t": "Atlanta : teaching someone how to fish / Martin C. Lehfeldt --"
          },
          {
            "t": "Cleveland : arts renaissance / Bill Doll --"
          },
          {
            "t": "Bridgeport : teenage pregnancy / Steve Kexerian --"
          },
          {
            "t": "Arizona : at-risk children / Irene Rasmussen --"
          },
          {
            "t": "Boston : poverty and community organization / Michael Segal --"
          },
          {
            "t": "Philadelphia : grassroots empowerment / Jennifer Leonard --"
          },
          {
            "t": "Charlotte : doscovering poor neighbors / Bea Quirk --"
          },
          {
            "t": "Kansas City : black and hispanic funds / Kenneth La Fave --"
          },
          {
            "t": "Minneapolis : the women's fund / Patricia Bill."
          }
        ]
      }
    },
    {
      "650": {
        "ind1": "\\",
        "ind2": "0",
        "subfields": [
          {
            "a": "Endowments"
          },
          {
            "z": "United States."
          }
        ]
      }
    },
    {
      "650": {
        "ind1": "\\",
        "ind2": "0",
        "subfields": [
          {
            "a": "Community leadership"
          },
          {
            "z": "United States."
          }
        ]
      }
    },
    {
      "650": {
        "ind1": "\\",
        "ind2": "0",
        "subfields": [
          {
            "a": "Federations, Financial (Social service)"
          }
        ]
      }
    },
    {
      "650": {
        "ind1": "\\",
        "ind2": "0",
        "subfields": [
          {
            "a": "Endowments"
          },
          {
            "z": "United States"
          },
          {
            "v": "Case studies."
          }
        ]
      }
    },
    {
      "650": {
        "ind1": "\\",
        "ind2": "7",
        "subfields": [
          {
            "a": "Community leadership."
          },
          {
            "2": "fast"
          },
          {
            "0": "(OCoLC)fst00871020"
          }
        ]
      }
    },
    {
      "650": {
        "ind1": "\\",
        "ind2": "7",
        "subfields": [
          {
            "a": "Endowments."
          },
          {
            "2": "fast"
          },
          {
            "0": "(OCoLC)fst00909854"
          }
        ]
      }
    },
    {
      "650": {
        "ind1": "\\",
        "ind2": "7",
        "subfields": [
          {
            "a": "Federations, Financial (Social service)"
          },
          {
            "2": "fast"
          },
          {
            "0": "(OCoLC)fst00922377"
          }
        ]
      }
    },
    {
      "651": {
        "ind1": "\\",
        "ind2": "7",
        "subfields": [
          {
            "a": "United States."
          },
          {
            "2": "fast"
          },
          {
            "0": "(OCoLC)fst01204155"
          }
        ]
      }
    },
    {
      "655": {
        "ind1": "\\",
        "ind2": "7",
        "subfields": [
          {
            "a": "Case studies."
          },
          {
            "2": "fast"
          },
          {
            "0": "(OCoLC)fst01423765"
          }
        ]
      }
    },
    {
      "655": {
        "ind1": "\\",
        "ind2": "7",
        "subfields": [
          {
            "a": "Case studies."
          },
          {
            "2": "lcgft"
          }
        ]
      }
    },
    {
      "700": {
        "ind1": "1",
        "ind2": "\\",
        "subfields": [
          {
            "a": "Magat, Richard."
          }
        ]
      }
    },
    {
      "710": {
        "ind1": "2",
        "ind2": "\\",
        "subfields": [
          {
            "a": "National Agenda for Community Foundations."
          },
          {
            "b": "Community Leadership Project."
          }
        ]
      }
    },
    {
      "776": {
        "ind1": "0",
        "ind2": "8",
        "subfields": [
          {
            "i": "Online version:"
          },
          {
            "t": "Agile servant."
          },
          {
            "d": "New York : Foundation Center, \u00a91989"
          },
          {
            "w": "(OCoLC)637594407"
          }
        ]
      }
    },
    {
      "994": {
        "ind1": "\\",
        "ind2": "\\",
        "subfields": [
          {
            "a": "Z0"
          },
          {
            "b": "NYRVC"
          }
        ]
      }
    },
    {
      "948": {
        "ind1": "\\",
        "ind2": "\\",
        "subfields": [
          {
            "h": "NO HOLDINGS IN NYRVC - 168 OTHER HOLDINGS"
          }
        ]
      }
    },
    {
      "999": {
        "ind1": "\\",
        "ind2": "\\",
        "subfields": [
          {
            "a": "00000000013569"
          }
        ]
      }
    }
  ]
}